<record><leader>00000cas a22000007a 4500</leader><controlfield tag="001">14185961</controlfield><controlfield tag="008">860905d18051807vauwr ne      0    0eng  </controlfield><datafield ind1=" " ind2=" " tag="010"><subfield code="a">sn 86071888 </subfield></datafield><datafield ind1=" " ind2=" " tag="040"><subfield code="a">DLC</subfield><subfield code="b">eng</subfield><subfield code="c">DLC</subfield><subfield code="d">MGN</subfield><subfield code="d">OCLCQ</subfield></datafield><datafield ind1=" " ind2=" " tag="042"><subfield code="a">msc</subfield></datafield><datafield ind1="0" ind2="0" tag="050"><subfield code="a">Newspaper 10028-X</subfield></datafield><datafield ind1="0" ind2="0" tag="245"><subfield code="a">Candid review and Staunton weekly register.</subfield></datafield><datafield ind1="1" ind2="3" tag="246"><subfield code="a">Candid review</subfield></datafield><datafield ind1=" " ind2=" " tag="260"><subfield code="a">Staunton [Va.] :</subfield><subfield code="b">William G. Lyford</subfield></datafield><datafield ind1=" " ind2=" " tag="300"><subfield code="a">v. ;</subfield><subfield code="c">53 cm.</subfield></datafield><datafield ind1=" " ind2=" " tag="310"><subfield code="a">Weekly</subfield></datafield><datafield ind1="1" ind2=" " tag="362"><subfield code="a">Began Jan. 4, 1805; ceased in 1807.</subfield></datafield><datafield ind1=" " ind2=" " tag="500"><subfield code="a">Published by: William G. Lyford, &lt;Jan. 4-July 12, 1805&gt;.</subfield></datafield><datafield ind1=" " ind2=" " tag="588"><subfield code="a">Description based on: Vol. 1, no. 3 (Jan. 18, 1805).</subfield></datafield><datafield ind1=" " ind2=" " tag="752"><subfield code="a">United States</subfield><subfield code="b">Virginia</subfield><subfield code="d">Staunton.</subfield></datafield><datafield ind1="0" ind2="0" tag="785"><subfield code="t">Candid review (Staunton, Va.)</subfield><subfield code="w">(DLC)sn 86071889</subfield></datafield><datafield ind1="1" ind2=" " tag="029"><subfield code="a">AU@</subfield><subfield code="b">000025793684</subfield></datafield></record>